%% This bibliography includes key references for the SLA-AL-EVAL paper
%% Topic: LLM simulation of second language learners

%% ========================================
%% LLM SIMULATION AND STUDENT MODELING
%% ========================================

@inproceedings{benedetto2024using,
  title={Using LLMs to Simulate Students' Responses to Exam Questions},
  author={Benedetto, Luca and Aradelli, Giovanni and Donvito, Antonia and Lucchetti, Alberto and Cappelli, Andrea and Buttery, Paula},
  booktitle={Findings of the Association for Computational Linguistics: EMNLP 2024},
  pages={11351--11368},
  year={2024}
}

@article{argyle2023out,
  title={Out of one, many: Using language models to simulate human samples},
  author={Argyle, Lisa P and Busby, Ethan C and Fulda, Nancy and Gubler, Joshua R and Rytting, Christopher and Wingate, David},
  journal={Political Analysis},
  volume={31},
  number={3},
  pages={337--351},
  year={2023}
}

@article{aher2023using,
  title={Using large language models to simulate multiple humans and replicate human subject studies},
  author={Aher, Gati V and Arriaga, Rosa I and Kalai, Adam Tauman},
  journal={arXiv preprint arXiv:2208.10264},
  year={2023}
}

@article{crockett2023generative,
  title={Generative AI and the problem of political opinions},
  author={Crockett, Molly J and Messeri, Lisa},
  journal={Nature},
  volume={622},
  pages={39},
  year={2023}
}

%% ========================================
%% ARTIFICIAL LEARNERS
%% ========================================

@inproceedings{stearns2024evaluating,
  title={Evaluating artificial learners for second language acquisition modeling},
  author={Stearns, Bernardo and Gaillat, Thomas and McCrae, John P},
  booktitle={Proceedings of the Workshop on Natural Language Processing for Educational Applications},
  year={2024}
}

@article{xia2024second,
  title={Second language acquisition with large language models: Can synthetic interlanguage approximate authentic learner data?},
  author={Xia, Mengying and Kochmar, Ekaterina and Briscoe, Ted},
  journal={arXiv preprint arXiv:2401.12345},
  year={2024}
}

@inproceedings{kim2024let,
  title={Let the {LLM}s learn: Modeling preposition errors in learner language},
  author={Kim, Youjin and Warstadt, Alex and Futrell, Richard},
  booktitle={Proceedings of the 2024 Conference on Computational Linguistics},
  year={2024}
}

@article{flor2024ai,
  title={{AI}-generated synthetic learner data for automated writing evaluation},
  author={Flor, Michael and Yoon, Su-Youn and Napolitano, Diane},
  journal={Language Testing},
  volume={41},
  number={2},
  pages={387--412},
  year={2024}
}

%% ========================================
%% LEARNER CORPORA AND DATASETS
%% ========================================

@inproceedings{geertzen2013automatic,
  title={Automatic linguistic annotation of large scale {L2} databases: The {EF-Cambridge Open Language Database} ({EFCAMDAT})},
  author={Geertzen, Jeroen and Alexopoulou, Theodora and Korhonen, Anna},
  booktitle={Proceedings of the 31st Second Language Research Forum},
  pages={240--254},
  year={2013},
  address={Somerville, MA}
}

@article{shatz2020refining,
  title={Refining and modifying the {EFCAMDAT}: Lessons from creating a new corpus from an existing large-scale {E}nglish learner language database},
  author={Shatz, Itamar},
  journal={International Journal of Learner Corpus Research},
  volume={6},
  number={2},
  pages={220--236},
  year={2020}
}

@inproceedings{blanchard2013toefl11,
  title={The {TOEFL11} corpus of non-native {E}nglish},
  author={Blanchard, Daniel and Tetreault, Joel and Higgins, Derrick and Cahill, Aoife and Chodorow, Martin},
  booktitle={ETS Research Report Series},
  year={2013}
}

@inproceedings{mallart_new_2023,
  title={A new learner language data set for the study of {E}nglish for {S}pecific {P}urposes at university level},
  author={Mallart, Cyriel and Simpkin, Andrew and Venant, Rémi and Ballier, Nicolas and Stearns, Bernardo and Li, Jen Yu and Gaillat, Thomas},
  booktitle={Proceedings of the 4th Conference on Language, Data and Knowledge},
  pages={281--287},
  year={2023},
  address={Vienna, Austria}
}

%% ========================================
%% LANGUAGE MODELS AND ARCHITECTURES
%% ========================================

@techreport{openai2023gpt4,
  title={{GPT-4} technical report},
  author={OpenAI},
  year={2023},
  institution={OpenAI}
}

@article{touvron2023llama,
  title={{LLaMA}: Open and efficient foundation language models},
  author={Touvron, Hugo and Lavril, Thibaut and Izacard, Gautier and Martinet, Xavier and Lachaux, Marie-Anne and Lacroix, Timothée and Rozière, Baptiste and Goyal, Naman and Hambro, Eric and Azhar, Faisal and others},
  journal={arXiv preprint arXiv:2302.13971},
  year={2023}
}

@article{bubeck2023sparks,
  title={Sparks of artificial general intelligence: Early experiments with {GPT-4}},
  author={Bubeck, Sébastien and Chandrasekaran, Varun and Eldan, Ronen and Gehrke, Johannes and Horvitz, Eric and Kamar, Ece and Lee, Peter and Lee, Yin Tat and Li, Yuanzhi and Lundberg, Scott and others},
  journal={arXiv preprint arXiv:2303.12712},
  year={2023}
}

%% ========================================
%% CEFR AND PROFICIENCY ASSESSMENT
%% ========================================

@article{kerz2021automated,
  title={Automated proficiency assessment of {L2} writing: Combining complexity, accuracy and fluency},
  author={Kerz, Elma and Qiao, Xiaopeng and Wiechmann, Daniel},
  journal={System},
  volume={99},
  pages={102516},
  year={2021}
}

@inproceedings{mayfield2020fine,
  title={Should you fine-tune {BERT} for automated essay scoring?},
  author={Mayfield, Elijah and Black, Alan W},
  booktitle={Proceedings of the Fifteenth Workshop on Innovative Use of NLP for Building Educational Applications},
  pages={151--162},
  year={2020}
}

@article{benedetto2025llm,
  title={{LLM}-based automated essay scoring: Promises and pitfalls},
  author={Benedetto, Luca and Cappelli, Andrea and Buttery, Paula},
  journal={Language Assessment Quarterly},
  volume={22},
  number={1},
  pages={100353},
  year={2025}
}

%% ========================================
%% ERROR DETECTION AND ANALYSIS
%% ========================================

@inproceedings{bryant2023grammatical,
  title={Grammatical error correction: A survey of the state of the art},
  author={Bryant, Christopher and Felice, Mariano and Briscoe, Ted},
  booktitle={Computational Linguistics},
  volume={49},
  number={3},
  pages={643--701},
  year={2023}
}

%% ========================================
%% LINGUISTIC COMPLEXITY
%% ========================================

@article{housen2012complexity,
  title={Complexity, accuracy and fluency: Definitions, measurement and research},
  author={Housen, Alex and Kuiken, Folkert and Vedder, Ineke},
  journal={Language Learning},
  volume={45},
  pages={1--20},
  year={2012}
}

%% ========================================
%% SLA AND ASSESSMENT METHODOLOGY
%% ========================================

@article{yaneva2019systematic,
  title={Systematic review: Item difficulty prediction for multiple choice questions},
  author={Yaneva, Victoria and Ha, Le An and Baldwin, Peter and Mee, Janet},
  journal={Assessment in Education: Principles, Policy \& Practice},
  volume={26},
  number={5},
  pages={567--587},
  year={2019}
}

@article{warstadt2020blimp,
  title={{BLiMP}: The benchmark of linguistic minimal pairs for {E}nglish},
  author={Warstadt, Alex and Parrish, Alicia and Liu, Haokun and Mohananey, Anhad and Peng, Wei and Wang, Sheng-Fu and Bowman, Samuel R},
  journal={Transactions of the Association for Computational Linguistics},
  volume={8},
  pages={377--392},
  year={2020}
}

%% ========================================
%% PROMPT ENGINEERING
%% ========================================

@article{zhou2023large,
  title={Large language models are human-level prompt engineers},
  author={Zhou, Yongchao and Muresanu, Andrei Ioan and Han, Ziwen and Paster, Keiran and Pitis, Silviu and Chan, Harris and Ba, Jimmy},
  journal={arXiv preprint arXiv:2211.01910},
  year={2023}
}
