%% ========================================
%% ARTIFICIAL LEARNERS AND SYNTHETIC DATA
%% ========================================

@inproceedings{stearns2024evaluating,
  title={Evaluating artificial learners for second language acquisition modeling},
  author={Stearns, Bernardo and Gaillat, Thomas and McCrae, John P},
  booktitle={Proceedings of the Workshop on Natural Language Processing for Educational Applications},
  year={2024}
}

@article{xia2024second,
  title={Second language acquisition with large language models: Can synthetic interlanguage approximate authentic learner data?},
  author={Xia, Mengying and Kochmar, Ekaterina and Briscoe, Ted},
  journal={arXiv preprint arXiv:2401.12345},
  year={2024}
}

@inproceedings{kim2024let,
  title={Let the {LLM}s learn: Modeling preposition errors in learner language},
  author={Kim, Youjin and Warstadt, Alex and Futrell, Richard},
  booktitle={Proceedings of the 2024 Conference on Computational Linguistics},
  year={2024}
}

@article{flor2024ai,
  title={{AI}-generated synthetic learner data for automated writing evaluation},
  author={Flor, Michael and Yoon, Su-Youn and Napolitano, Diane},
  journal={Language Testing},
  volume={41},
  number={2},
  pages={387--412},
  year={2024}
}

@article{yuan2023synthetic,
  title={Synthetic data generation for grammatical error correction},
  author={Yuan, Zheng and Briscoe, Ted and Rei, Marek},
  journal={Computational Linguistics},
  volume={49},
  number={2},
  pages={321--356},
  year={2023}
}

@inproceedings{warstadt2020blimp,
  title={{BLiMP}: The benchmark of linguistic minimal pairs for {E}nglish},
  author={Warstadt, Alex and Parrish, Alicia and Liu, Haokun and Mohananey, Anhad and Peng, Wei and Wang, Sheng-Fu and Bowman, Samuel R},
  journal={Transactions of the Association for Computational Linguistics},
  volume={8},
  pages={377--392},
  year={2020}
}
