%% ========================================
%% CEFR AND PROFICIENCY ASSESSMENT
%% ========================================

@article{kerz2021automated,
  title={Automated proficiency assessment of {L2} writing: Combining complexity, accuracy and fluency},
  author={Kerz, Elma and Qiao, Xiaopeng and Wiechmann, Daniel},
  journal={System},
  volume={99},
  pages={102516},
  year={2021}
}

@inproceedings{mayfield2020fine,
  title={Should you fine-tune {BERT} for automated essay scoring?},
  author={Mayfield, Elijah and Black, Alan W},
  booktitle={Proceedings of the Fifteenth Workshop on Innovative Use of NLP for Building Educational Applications},
  pages={151--162},
  year={2020}
}

@article{benedetto2025llm,
  title={{LLM}-based automated essay scoring: Promises and pitfalls},
  author={Benedetto, Luca and Cappelli, Andrea and Buttery, Paula},
  journal={Language Assessment Quarterly},
  volume={22},
  number={1},
  pages={100353},
  year={2025}
}

@book{council2001common,
  title={Common {E}uropean framework of reference for languages: Learning, teaching, assessment},
  author={{Council of Europe}},
  year={2001},
  publisher={Cambridge University Press}
}

@article{north2007developing,
  title={Developing a common framework scale of language proficiency},
  author={North, Brian},
  journal={Language Testing},
  volume={24},
  number={3},
  pages={311--353},
  year={2007}
}

@article{vajjala2018automatic,
  title={Automatic {CEFR} level prediction for {E}stonian learner text},
  author={Vajjala, Sowmya and Loo, Kristopher},
  journal={arXiv preprint arXiv:1806.02082},
  year={2018}
}

@inproceedings{sung2024leveraging,
  title={Leveraging large language models for linguistic annotations: The case of argument structure constructions},
  author={Sung, Hanbyul and Kyle, Kristopher},
  booktitle={Proceedings of the 2024 Conference on Natural Language Processing},
  year={2024}
}
