%% ========================================
%% ERROR DETECTION AND ANALYSIS
%% ========================================

@article{bryant2023grammatical,
  title={Grammatical error correction: A survey of the state of the art},
  author={Bryant, Christopher and Felice, Mariano and Briscoe, Ted},
  journal={Computational Linguistics},
  volume={49},
  number={3},
  pages={643--701},
  year={2023}
}

@inproceedings{choshen2018automatic,
  title={Automatic extraction of learner errors in {ESL} sentences using linguistically enhanced alignments},
  author={Choshen, Leshem and Abend, Omri},
  booktitle={Proceedings of COLING},
  pages={825--835},
  year={2018}
}

@inproceedings{rei2017automatic,
  title={Automatic error type annotation for {A}rabic},
  author={Rei, Marek and Cummins, Ronan and Briscoe, Ted},
  booktitle={Proceedings of the 12th Workshop on Innovative Use of NLP for Building Educational Applications},
  pages={72--83},
  year={2017}
}

@article{zhou2020errant,
  title={{ERRANT}: Automatically extracting and classifying types of grammatical errors in parallel source-corrected text},
  author={Zhou, Wangchunshu and Ge, Tao and Chang, Ke-Wei and Xu, Ke and Wei, Furu},
  journal={arXiv preprint arXiv:2004.06478},
  year={2020}
}

@inproceedings{felice2016automatic,
  title={Automatic extraction of learner errors in {ESL} sentences using linguistically enhanced alignments},
  author={Felice, Mariano and Yuan, Zheng and Andersen, Ã˜istein E and Yannakoudakis, Helen and Kochmar, Ekaterina},
  booktitle={Proceedings of COLING},
  pages={825--835},
  year={2016}
}
