%% ========================================
%% LEARNER CORPORA AND DATASETS
%% ========================================

@inproceedings{geertzen2013automatic,
  title={Automatic linguistic annotation of large scale {L2} databases: The {EF-Cambridge Open Language Database} ({EFCAMDAT})},
  author={Geertzen, Jeroen and Alexopoulou, Theodora and Korhonen, Anna},
  booktitle={Proceedings of the 31st Second Language Research Forum},
  pages={240--254},
  year={2013},
  address={Somerville, MA}
}

@article{shatz2020refining,
  title={Refining and modifying the {EFCAMDAT}: Lessons from creating a new corpus from an existing large-scale {E}nglish learner language database},
  author={Shatz, Itamar},
  journal={International Journal of Learner Corpus Research},
  volume={6},
  number={2},
  pages={220--236},
  year={2020}
}

@inproceedings{blanchard2013toefl11,
  title={The {TOEFL11} corpus of non-native {E}nglish},
  author={Blanchard, Daniel and Tetreault, Joel and Higgins, Derrick and Cahill, Aoife and Chodorow, Martin},
  booktitle={ETS Research Report Series},
  year={2013}
}

@inproceedings{mallart_new_2023,
  title={A new learner language data set for the study of {E}nglish for {S}pecific {P}urposes at university level},
  author={Mallart, Cyriel and Simpkin, Andrew and Venant, RÃ©mi and Ballier, Nicolas and Stearns, Bernardo and Li, Jen Yu and Gaillat, Thomas},
  booktitle={Proceedings of the 4th Conference on Language, Data and Knowledge},
  pages={281--287},
  year={2023},
  address={Vienna, Austria}
}

@inproceedings{velentzas2024logging,
  title={Logging keystrokes in writing by {E}nglish learners},
  author={Velentzas, Georgios and Caines, Andrew and Borgo, Rita and Pacquetet, Erin and Hamilton, Clive and Arnold, Taylor and Nicholls, Diane and Buttery, Paula and Gaillat, Thomas and Ballier, Nicolas and others},
  booktitle={Proceedings of the 2024 Joint International Conference on Computational Linguistics, Language Resources and Evaluation (LREC-COLING 2024)},
  pages={10725--10746},
  year={2024}
}

@article{granger2021international,
  title={The International Corpus of Learner {E}nglish: A look back and a look ahead},
  author={Granger, Sylviane},
  journal={International Journal of Learner Corpus Research},
  volume={7},
  number={2},
  pages={149--162},
  year={2021}
}
