%% ========================================
%% LINGUISTIC COMPLEXITY AND SLA METRICS
%% ========================================

@article{housen2012complexity,
  title={Complexity, accuracy and fluency: Definitions, measurement and research},
  author={Housen, Alex and Kuiken, Folkert and Vedder, Ineke},
  journal={Language Learning},
  volume={45},
  pages={1--20},
  year={2012}
}

@article{kyle2021measuring,
  title={Measuring syntactic development in {L2} writing: Fine grained indices of syntactic complexity and usage-based indices of syntactic sophistication},
  author={Kyle, Kristopher and Crossley, Scott A},
  journal={The Modern Language Journal},
  volume={105},
  number={S1},
  pages={109--130},
  year={2021}
}

@article{mccarthy2010mtld,
  title={{MTLD}, vocd-{D}, and {HD-D}: A validation study of sophisticated approaches to lexical diversity assessment},
  author={McCarthy, Philip M and Jarvis, Scott},
  journal={Behavior Research Methods},
  volume={42},
  number={2},
  pages={381--392},
  year={2010}
}

@article{lu2010automatic,
  title={Automatic analysis of syntactic complexity in second language writing},
  author={Lu, Xiaofei},
  journal={International Journal of Corpus Linguistics},
  volume={15},
  number={4},
  pages={474--496},
  year={2010}
}

@article{crossley2016tool,
  title={The tool for the automatic analysis of lexical sophistication ({TAALES}): Version 2.0},
  author={Crossley, Scott A and Kyle, Kristopher and McNamara, Danielle S},
  journal={Behavior Research Methods},
  volume={48},
  number={3},
  pages={1030--1046},
  year={2016}
}

@article{graesser2004coh,
  title={Coh-{M}etrix: Analysis of text on cohesion and language},
  author={Graesser, Arthur C and McNamara, Danielle S and Louwerse, Max M and Cai, Zhiqiang},
  journal={Behavior Research Methods, Instruments, \& Computers},
  volume={36},
  number={2},
  pages={193--202},
  year={2004}
}
