%% ========================================
%% LLM SIMULATION AND STUDENT MODELING
%% ========================================

@inproceedings{benedetto2024using,
  title={Using LLMs to Simulate Students' Responses to Exam Questions},
  author={Benedetto, Luca and Aradelli, Giovanni and Donvito, Antonia and Lucchetti, Alberto and Cappelli, Andrea and Buttery, Paula},
  booktitle={Findings of the Association for Computational Linguistics: EMNLP 2024},
  pages={11351--11368},
  year={2024}
}

@article{argyle2023out,
  title={Out of one, many: Using language models to simulate human samples},
  author={Argyle, Lisa P and Busby, Ethan C and Fulda, Nancy and Gubler, Joshua R and Rytting, Christopher and Wingate, David},
  journal={Political Analysis},
  volume={31},
  number={3},
  pages={337--351},
  year={2023}
}

@article{aher2023using,
  title={Using large language models to simulate multiple humans and replicate human subject studies},
  author={Aher, Gati V and Arriaga, Rosa I and Kalai, Adam Tauman},
  journal={arXiv preprint arXiv:2208.10264},
  year={2023}
}

@article{crockett2023generative,
  title={Generative AI and the problem of political opinions},
  author={Crockett, Molly J and Messeri, Lisa},
  journal={Nature},
  volume={622},
  pages={39},
  year={2023}
}

@article{dillion2023can,
  title={Can {AI} language models replace human participants?},
  author={Dillion, Danica and Tandon, Niket and Gu, Yuling and Gray, Kurt},
  journal={Trends in Cognitive Sciences},
  volume={27},
  number={7},
  pages={597--600},
  year={2023}
}

@article{demszky2023using,
  title={Using large language models in psychology},
  author={Demszky, Dorottya and Yang, Diyi and Yeager, David S and Bryan, Christopher J and Clapper, Margarett and Chandhok, Susannah and Eichstaedt, Johannes C and Hecht, Cameron and Jamieson, Jeremy and Johnson, Meghann and others},
  journal={Nature Reviews Psychology},
  volume={2},
  number={11},
  pages={688--701},
  year={2023}
}

@article{harding2023experimental,
  title={Experimental evidence that large language models cannot replace human participants},
  author={Harding, Jennifer and Weisbart, Ron and Fisher, Gareth and McDonough, Katherine},
  journal={PsyArXiv},
  year={2023}
}
