%% ========================================
%% SLA AND ASSESSMENT METHODOLOGY
%% ========================================

@article{yaneva2019systematic,
  title={Systematic review: Item difficulty prediction for multiple choice questions},
  author={Yaneva, Victoria and Ha, Le An and Baldwin, Peter and Mee, Janet},
  journal={Assessment in Education: Principles, Policy \& Practice},
  volume={26},
  number={5},
  pages={567--587},
  year={2019}
}

@book{ellis1994study,
  title={The study of second language acquisition},
  author={Ellis, Rod},
  year={1994},
  publisher={Oxford University Press}
}

@article{larsenfreeman2014complexity,
  title={Complexity theory: A new way to think about language development},
  author={Larsen-Freeman, Diane},
  journal={Language Teaching},
  volume={47},
  number={2},
  pages={186--204},
  year={2014}
}

@article{selinker1972interlanguage,
  title={Interlanguage},
  author={Selinker, Larry},
  journal={International Review of Applied Linguistics in Language Teaching},
  volume={10},
  number={1-4},
  pages={209--232},
  year={1972}
}

@book{odlin1989language,
  title={Language transfer: Cross-linguistic influence in language learning},
  author={Odlin, Terence},
  year={1989},
  publisher={Cambridge University Press}
}

@article{ortega2003syntactic,
  title={Syntactic complexity measures and their relationship to {L2} proficiency: A research synthesis of college-level {L2} writing},
  author={Ortega, Lourdes},
  journal={Applied Linguistics},
  volume={24},
  number={4},
  pages={492--518},
  year={2003}
}

@article{pallotti2015simple,
  title={A simple view of linguistic complexity},
  author={Pallotti, Gabriele},
  journal={Second Language Research},
  volume={31},
  number={1},
  pages={117--134},
  year={2015}
}
